<record><leader>00000cas a22000007a 4500</leader><controlfield tag="001">14991141</controlfield><controlfield tag="008">861218d1942194umauwr ne     o0    0eng d</controlfield><datafield ind1=" " ind2=" " tag="010"><subfield code="a">sn 86090495 </subfield></datafield><datafield ind1=" " ind2=" " tag="040"><subfield code="a">PPM</subfield><subfield code="b">eng</subfield><subfield code="c">PPM</subfield><subfield code="d">OCLCQ</subfield></datafield><datafield ind1=" " ind2=" " tag="042"><subfield code="a">msc</subfield></datafield><datafield ind1="0" ind2="0" tag="245"><subfield code="a">Camp Edwards news.</subfield></datafield><datafield ind1=" " ind2=" " tag="260"><subfield code="a">Camp Edwards, Mass. :</subfield><subfield code="b">Military Publications</subfield></datafield><datafield ind1=" " ind2=" " tag="300"><subfield code="a">v. :</subfield><subfield code="b">ill. ;</subfield><subfield code="c">45 cm.</subfield></datafield><datafield ind1=" " ind2=" " tag="310"><subfield code="a">Weekly</subfield></datafield><datafield ind1="1" ind2=" " tag="362"><subfield code="a">Began in 1942?</subfield></datafield><datafield ind1=" " ind2=" " tag="500"><subfield code="a">"A civilian enterprise for the personnel of Camp Edwards."</subfield></datafield><datafield ind1=" " ind2=" " tag="588"><subfield code="a">Description based on: Vol. 1, no. 17 (Oct. 7, 1942).</subfield></datafield><datafield ind1=" " ind2=" " tag="752"><subfield code="a">United States</subfield><subfield code="b">Massachusetts</subfield><subfield code="c">Barnstable</subfield><subfield code="d">Camp Edwards.</subfield></datafield></record>